@misc{wiki:2048_(video_game),
   author = "Wikipedia",
   title = "{2048 (video game)} --- {W}ikipedia{,} The Free Encyclopedia",
   year = "2022",
   howpublished = {\url{http://en.wikipedia.org/w/index.php?title=2048\%20(video\%20game)&oldid=1083118206}},
   note = "[Online; dostopano 25.4.2022]"
 }
 
 @misc{stackoverflow, 
   howpublished={\url{https://stackoverflow.com/a/23853848/12231075}},
   author={Ronenz (https://stackoverflow.com/users/632039/ronenz)},
   year="2018",
   title={What is the optimal algorithm for the game 2048?},
   note = "[Online; dostopano 25.4.2022]"
}